<?xml version="1.0" encoding="UTF-8"?><collection xmlns="http://www.loc.gov/MARC21/slim"><record><leader>00417nam--2200157-i-4500</leader><controlfield tag="001">000012494</controlfield><controlfield tag="002">20161230</controlfield><controlfield tag="005">20170115154811</controlfield><controlfield tag="008">060222s1000------------r-----000-0-eng-d</controlfield><datafield ind1=" " ind2=" " tag="080"><subfield code="a">621.3.05.001.12</subfield></datafield><datafield ind1=" " ind2=" " tag="245"><subfield code="a">Calculul de proiectarea sistemelor electro-energetice</subfield></datafield><datafield ind1=" " ind2=" " tag="260"><subfield code="a">Bucuresti</subfield><subfield code="b">Editura Tehnica</subfield><subfield code="c">1971</subfield></datafield><datafield ind1=" " ind2=" " tag="300"><subfield code="a">437 p</subfield></datafield><datafield ind1=" " ind2=" " tag="490"><subfield code="a">Electro-energetica</subfield></datafield><datafield ind1=" " ind2=" " tag="852"><subfield code="a">35024</subfield></datafield><datafield ind1=" " ind2=" " tag="CAT"><subfield code="a">SYS</subfield><subfield code="c">20170115</subfield><subfield code="h">154811</subfield></datafield></record></collection>